@inproceedings{polyphony:ecoop,
  author="N.~Benton and L.~Cardelli and C.~Fournet",
  title="Modern Concurrency Abstractions for \csharp",
  editor="B.~Magnusson",
  booktitle="Proceedings of the 16th European Conference on Object-Oriented Programming (ECOOP 2002)",
  month=Jun, year=2002,
  series="LNCS", number=2374, publisher="Springer-Verlag"
}

@misc{benton:santa,
  author="N.~Benton",
  title="Jingle Bells: Solving the {Santa Claus} Problem in {Polyphonic} \csharp",
  month=Mar, year=2003, note="Submitted"
}